@article{text_reuse,
author={Linder, Fridolin and Desmarais, Bruce A. and Burgess, Matthew and Giraudy, Eugenia},
title={Text as Policy: Measuring Policy Similarity Through Bill Text Reuse},
biburl={https://ssrn.com/abstract=2812607},
journal = {SSRN/2812607},
year= 2018,
}

@article{poole,
  title={A spatial model for legislative roll call analysis},
  author={Poole, Keith T and Rosenthal, Howard},
  journal={American Journal of Political Science},
  pages={357--384},
  year={1985},
  publisher={JSTOR}
}

@inproceedings{gerrish,
  title={Predicting legislative roll calls from text},
  author={Gerrish, Sean and Blei, David M},
  booktitle={Proceedings of ICML},
  year={2011}
}

@inproceedings{kraft,
  title={An Embedding Model for Predicting Roll-Call Votes},
  author={Kraft, Peter and Jain, Hirsh and Rush, Alexander M},
  booktitle={Proceedings of EMNLP},
  year={2016}
}

@article{clinton,
  title={The statistical analysis of roll call data},
  author={Clinton, Joshua and Jackman, Simon and Rivers, Douglas},
  journal={American Political Science Review},
  volume={98},
  number={2},
  year={2004},
  publisher={Cambridge University Press}
}

@inproceedings{idealbook,
  title={Political ideology detection using recursive neural networks},
  author={Iyyer, Mohit and Enns, Peter and Boyd-Graber, Jordan and Resnik, Philip},
  booktitle={Proceedings of ACL},
  volume={1},
  pages={1113--1122},
  year={2014}
}

@inproceedings{idealtwitter,
  title={Beyond binary labels: political ideology prediction of twitter users},
  author={Preo{\c{t}}iuc-Pietro, Daniel and Liu, Ye and Hopkins, Daniel and Ungar, Lyle},
  booktitle={Proceedings of ACL},
  year={2017}
}

@article{idealspeech,
  title={Classifying party affiliation from political speech},
  author={Yu, Bei and Kaufmann, Stefan and Diermeier, Daniel},
  journal={Journal of Information Technology \& Politics},
  volume={5},
  number={1},
  pages={33--48},
  year={2008},
  publisher={Taylor \& Francis}
}

@inproceedings{meta,
  title={Incorporating Metadata into Content-Based User Embeddings},
  author={Xing, Linzi and Paul, Michael J},
  booktitle={Proceedings of the 3rd Workshop on Noisy User-generated Text},
  pages={45--49},
  year={2017}
}

@article{kim,
  title={Convolutional neural networks for sentence classification},
  author={Kim, Yoon},
  journal={arXiv:1408.5882},
  year={2014}
}

@misc{freedom, title={The War Inside the Republican Party}, url={https://www.newyorker.com/magazine/2015/12/14/a-house-divided}, journal={The New Yorker}, publisher={The New Yorker}, author={Lizza, Ryan}, year={2017}, month={Jun}}

@inproceedings{glove,
  title={Glove: Global vectors for word representation},
  author={Pennington, Jeffrey and Socher, Richard and Manning, Christopher},
  booktitle={Proceedings of EMNLP},
  pages={1532--1543},
  year={2014}
}

@article {Lauderdale:14,
    author      = {Lauderdale, Benjamin E. and Clark, Tom S.},
    title       = {Scaling Politically Meaningful Dimensions Using Texts and Votes},
    journal     = {American Journal of Political Science},
    volume      = {58},
    number      = {3},
    pages       = {754--771},
    year        = {2014},
}

@inproceedings{nguyen:15,
  author    = {Viet{-}An Nguyen and
               Jordan L. Boyd{-}Graber and
               Philip Resnik and
               Kristina Miler},
  title     = {Tea Party in the House: {A} Hierarchical Ideal Point Topic Model and
               Its Application to Republican Legislators in the 112th Congress},
  booktitle = {Proceedings of ACL},
  year      = {2015},
  url       = {http://aclweb.org/anthology/P/P15/P15-1139.pdf},
  bibsource = {dblp computer science bibliography, http://dblp.org}
}

@article{goodcnn:1,
  author    = {Xiao Yang and
               Craig MacDonald and
               Iadh Ounis},
  title     = {Using Word Embeddings in Twitter Election Classification},
  journal   = {CoRR},
  volume    = {abs/1606.07006},
  year      = {2016},
  url       = {http://arxiv.org/abs/1606.07006},
  archivePrefix = {arXiv},
  eprint    = {1606.07006},
  timestamp = {Wed, 07 Jun 2017 14:42:35 +0200},
  biburl    = {http://dblp.org/rec/bib/journals/corr/YangMO16},
  bibsource = {dblp computer science bibliography, http://dblp.org}
}

@article{goodcnn:2,
  author    = {Ying Wen and
               Weinan Zhang and
               Rui Luo and
               Jun Wang},
  title     = {Learning text representation using recurrent convolutional neural
               network with highway layers},
  journal   = {CoRR},
  volume    = {abs/1606.06905},
  year      = {2016},
  url       = {http://arxiv.org/abs/1606.06905},
  archivePrefix = {arXiv},
  eprint    = {1606.06905},
  timestamp = {Wed, 21 Feb 2018 00:53:31 +0100},
  biburl    = {http://dblp.org/rec/bib/journals/corr/WenZLW16},
  bibsource = {dblp computer science bibliography, http://dblp.org}
}

@article{goodcnn:3,
  author    = {Yann N. Dauphin and
               Angela Fan and
               Michael Auli and
               David Grangier},
  title     = {Language Modeling with Gated Convolutional Networks},
  journal   = {CoRR},
  volume    = {abs/1612.08083},
  year      = {2016},
  url       = {http://arxiv.org/abs/1612.08083},
  archivePrefix = {arXiv},
  eprint    = {1612.08083},
  timestamp = {Wed, 07 Jun 2017 14:41:18 +0200},
  biburl    = {http://dblp.org/rec/bib/journals/corr/DauphinFAG16},
  bibsource = {dblp computer science bibliography, http://dblp.org}
}

@article{adamax,
  author    = {Diederik P. Kingma and
               Jimmy Ba},
  title     = {Adam: {A} Method for Stochastic Optimization},
  journal   = {CoRR},
  volume    = {abs/1412.6980},
  year      = {2014},
  url       = {http://arxiv.org/abs/1412.6980},
  archivePrefix = {arXiv},
  eprint    = {1412.6980},
  timestamp = {Wed, 07 Jun 2017 14:40:52 +0200},
  biburl    = {http://dblp.org/rec/bib/journals/corr/KingmaB14},
  bibsource = {dblp computer science bibliography, http://dblp.org}
}

@inproceedings{Iyyer:2014,
	Author = {Mohit Iyyer and Peter Enns and Jordan Boyd-Graber and Philip Resnik},
	Url = {docs/2014_acl_rnn_ideology.pdf},
	Booktitle = {Association for Computational Linguistics},
	Location = {Baltimore, MD},
	Year = {2014},
	Title = {Political Ideology Detection Using Recursive Neural Networks},
}

@article{getout,
  author    = {Matt Thomas and
               Bo Pang and
               Lillian Lee},
  title     = {Get out the vote: Determining support or opposition from Congressional
               floor-debate transcripts},
  journal   = {CoRR},
  volume    = {abs/cs/0607062},
  year      = {2006},
  url       = {http://arxiv.org/abs/cs/0607062},
  archivePrefix = {arXiv},
  eprint    = {cs/0607062},
  timestamp = {Wed, 07 Jun 2017 14:40:48 +0200},
  biburl    = {https://dblp.org/rec/bib/journals/corr/abs-cs-0607062},
  bibsource = {dblp computer science bibliography, https://dblp.org}
}

@inproceedings{Scotus,
  title={Friends with Motives: Using Text to Infer Influence on SCOTUS},
  author={Yanchuan Sim and Bryan R. Routledge and Noah A. Smith},
  booktitle={Proceedings of EMNLP},
  year={2016}
}

@inproceedings{president,
  title={Measuring ideological proportions in political speeches},
  author={Sim, Yanchuan and Acree, Brice DL and Gross, Justin H and Smith, Noah A},
  booktitle={Proceedings of EMNLP},
  year={2013}
}

@inproceedings{yano2012textual,
  title={Textual predictors of bill survival in congressional committees},
  author={Yano, Tae and Smith, Noah A and Wilkerson, John D},
  booktitle={Proceedings of NAACL},
  year={2012},
  organization={Association for Computational Linguistics}
}

@inproceedings{glorot,
  title={Understanding the difficulty of training deep feedforward neural networks},
  author={Glorot, Xavier and Bengio, Yoshua},
  booktitle={Proceedings of AISTATS},
  year={2010}
}

@article{mosteller1963inference,
  title={Inference in an authorship problem: A comparative study of discrimination methods applied to the authorship of the disputed Federalist Papers},
  author={Mosteller, Frederick and Wallace, David L},
  journal={Journal of the American Statistical Association},
  volume={58},
  number={302},
  pages={275--309},
  year={1963},
  publisher={Taylor \& Francis}
}

@article{carroll2009measuring,
  title={Measuring bias and uncertainty in DW-NOMINATE ideal point estimates via the parametric bootstrap},
  author={Carroll, Royce and Lewis, Jeffrey B and Lo, James and Poole, Keith T and Rosenthal, Howard},
  journal={Political Analysis},
  volume={17},
  number={3},
  pages={261--275},
  year={2009},
  publisher={Cambridge University Press}
}


@article{clinton2004statistical,
  title={The statistical analysis of roll call data},
  author={Clinton, Joshua and Jackman, Simon and Rivers, Douglas},
  journal={American Political Science Review},
  volume={98},
  number={2},
  pages={355--370},
  year={2004},
  publisher={Cambridge University Press}
}

@Article{wnominate,
    title = {Scaling Roll Call Votes with {wnominate} in {R}},
    author = {Keith Poole and Jeffrey Lewis and James Lo and Royce
      Carroll},
    journal = {Journal of Statistical Software},
    year = {2011},
    volume = {42},
    number = {14},
    pages = {1--21},
    url = {http://www.jstatsoft.org/v42/i14/},
  }
  
  @Manual{pscl,
    title = {{pscl}: Classes and Methods for {R} Developed in the
      Political Science Computational Laboratory},
    author = {Simon Jackman},
    organization = {United States Studies Centre, University of
      Sydney},
    address = {Sydney, New South Wales, Australia},
    year = {2017},
    note = {R package version 1.5.2},
    url = {https://github.com/atahk/pscl/},
  }
  
  @article{orthreg1,
  author    = {Andrew Brock and
               Theodore Lim and
               James M. Ritchie and
               Nick Weston},
  title     = {Neural Photo Editing with Introspective Adversarial Networks},
  journal   = {CoRR},
  volume    = {abs/1609.07093},
  year      = {2016},
  url       = {http://arxiv.org/abs/1609.07093},
  archivePrefix = {arXiv},
  eprint    = {1609.07093},
  timestamp = {Wed, 07 Jun 2017 14:42:14 +0200},
  biburl    = {https://dblp.org/rec/bib/journals/corr/BrockLRW16a},
  bibsource = {dblp computer science bibliography, https://dblp.org}
}

@article{orthreg2,
  author    = {Eugene Vorontsov and
               Chiheb Trabelsi and
               Samuel Kadoury and
               Chris Pal},
  title     = {On orthogonality and learning recurrent networks with long term dependencies},
  journal   = {CoRR},
  volume    = {abs/1702.00071},
  year      = {2017},
  url       = {http://arxiv.org/abs/1702.00071},
  archivePrefix = {arXiv},
  eprint    = {1702.00071},
  timestamp = {Wed, 07 Jun 2017 14:42:18 +0200},
  biburl    = {https://dblp.org/rec/bib/journals/corr/VorontsovTKP17},
  bibsource = {dblp computer science bibliography, https://dblp.org}
}

@article{cybenko1989approximation,
  title={Approximation by superpositions of a sigmoidal function},
  author={Cybenko, George},
  journal={Mathematics of control, signals and systems},
  volume={2},
  number={4},
  pages={303--314},
  year={1989},
  publisher={Springer}
}

@article{hornik1991,
title = "Approximation capabilities of multilayer feedforward networks",
journal = "Neural Networks",
volume = "4",
number = "2",
pages = "251 - 257",
year = "1991",
issn = "0893-6080",
doi = "https://doi.org/10.1016/0893-6080(91)90009-T",
url = "http://www.sciencedirect.com/science/article/pii/089360809190009T",
author = "Kurt Hornik",
keywords = "Multilayer feedforward networks, Activation function, Universal approximation capabilities, Input environment measure, () approximation, Uniform approximation, Sobolev spaces, Smooth approximation"
}

@article{dropout,
  author  = {Nitish Srivastava and Geoffrey Hinton and Alex Krizhevsky and Ilya Sutskever and Ruslan Salakhutdinov},
  title   = {Dropout: A Simple Way to Prevent Neural Networks from Overfitting},
  journal = {Journal of Machine Learning Research},
  year    = {2014},
  volume  = {15},
  pages   = {1929-1958},
  url     = {http://jmlr.org/papers/v15/srivastava14a.html}
}

@techreport{marble2017much,
  title={How Much Should We Trust Ideal Point Estimates from Surveys?},
  author={Marble, William and Tyler, Ma},
  year={2017}
}

@article{imai2016fast,
  title={Fast estimation of ideal points with massive data},
  author={Imai, Kosuke and Lo, James and Olmsted, Jonathan},
  journal={American Political Science Review},
  volume={110},
  number={4},
  pages={631--656},
  year={2016},
  publisher={Cambridge University Press}
}

@article{aleman2009comparing,
  title={Comparing Cosponsorship and Roll-Call Ideal Points},
  author={Alem{\'a}n, Eduardo and Calvo, Ernesto and Jones, Mark P and Kaplan, Noah},
  journal={Legislative Studies Quarterly},
  volume={34},
  number={1},
  pages={87--116},
  year={2009},
  publisher={Wiley Online Library}
}

@article{talbert2002setting,
  title={Setting the legislative agenda: The dimensional structure of bill cosponsoring and floor voting},
  author={Talbert, Jeffery C and Potoski, Matthew},
  journal={Journal of Politics},
  volume={64},
  number={3},
  pages={864--891},
  year={2002},
  publisher={Wiley Online Library}
}

@article{mandt2017stochastic,
  title={Stochastic gradient descent as approximate Bayesian inference},
  author={Mandt, Stephan and Hoffman, Matthew D and Blei, David M},
  journal={The Journal of Machine Learning Research},
  volume={18},
  number={1},
  pages={4873--4907},
  year={2017},
  publisher={JMLR. org}
}

@techreport{kornilova2018party,
  title={Party Matters: Enhancing Legislative Embeddings with Author Attributes for Vote Prediction},
  author={Kornilova, Anastassia and Argyle, Daniel and Eidelman, Vlad},
  journal={arXiv preprint arXiv:1805.08182},
  year={2018}
}